@misc{bochs,
  note = {\url{http://bochs.sourceforge.net/}}
  }

@misc{pintos,
  note = {\url{http://www.scs.stanford.edu/10wi-cs140/pintos/pintos.html}}
  }

@misc{nachos,
  note = {\url{http://www.cs.washington.edu/homes/tom/nachos/}}
  }
